% Bibliography for thesis "Ranking Itineraries: Dynamic Algorithms Meet User Preferences"

@inproceedings{basu2011,
  author = {Basu Roy, Senjuti and Das, Gautam and Amer-Yahia, Sihem and Yu, Cong},
  title = {Interactive Itinerary Planning},
  booktitle = {Proceedings of the 27th IEEE International Conference on Data Engineering (ICDE)},
  year = {2011},
  pages = {15--26},
  address = {Hannover, Germany},
  doi = {10.1109/ICDE.2011.5767920}
}

@article{liao2019,
  author = {Liao, Lizi and Takanobu, Ryuichi and Ma, Yunlong and Yang, Xun and Huang, Minlie and Chua, Tat-Seng},
  title = {Deep Conversational Recommender in Travel},
  journal = {arXiv preprint arXiv:1907.00710},
  year = {2019},
  url = {https://arxiv.org/abs/1907.00710}
}

@inproceedings{yahi2015,
  author = {Yahi, Alexandre and Chassang, Antoine and Raynaud, Louis and Duthil, Hugo and Chau, Duen Horng Polo},
  title = {Aurigo: An Interactive Tour Planner for Personalized Itineraries},
  booktitle = {Proceedings of the 20th International Conference on Intelligent User Interfaces (IUI)},
  year = {2015},
  pages = {275--285},
  address = {Atlanta, GA, USA},
  doi = {10.1145/2678025.2701366}
}

@inproceedings{xie2011,
  author = {Xie, Min and Lakshmanan, Laks V. S. and Wood, Peter T.},
  title = {CompRec-Trip: A Composite Recommendation System for Travel Planning},
  booktitle = {Proceedings of the 27th IEEE International Conference on Data Engineering (ICDE)},
  year = {2011},
  pages = {1352--1355},
  address = {Hannover, Germany}
}

@article{xie2024,
  author = {Xie, Jian and others},
  title = {TravelPlanner: A Benchmark for Real-World Planning with Language Agents},
  journal = {arXiv preprint arXiv:2402.01622},
  year = {2024},
  url = {https://arxiv.org/abs/2402.01622}
}

@inproceedings{sun2020,
  author = {Sun, Ke and others},
  title = {Where to Go Next: Modeling Long- and Short-Term User Preferences for Point-of-Interest Recommendation},
  booktitle = {Proceedings of the AAAI Conference on Artificial Intelligence},
  volume = {34},
  number = {01},
  pages = {214--221},
  year = {2020}
}

@inproceedings{gu2020,
  author = {Gu, Jingwen and Song, Chao and Jiang, Wenjun and Wang, Xiaomin and Liu, Ming},
  title = {Enhancing Personalized Trip Recommendation with Attractive Routes},
  booktitle = {Proceedings of the AAAI Conference on Artificial Intelligence},
  volume = {34},
  number = {01},
  pages = {399--406},
  year = {2020},
  doi = {10.1609/aaai.v34i01.5407}
}

@article{verbeeck2014,
  author = {Verbeeck, Cedric and SÃ¶rensen, Kenneth and Aghezzaf, El-Houssaine and Vansteenwegen, Pieter},
  title = {A Fast Solution Method for the Time-Dependent Orienteering Problem},
  journal = {European Journal of Operational Research},
  volume = {236},
  number = {2},
  pages = {419--432},
  year = {2014}
}

@article{lim2018,
  author = {Lim, Kwan Hui and Chan, Jeffrey and Leckie, Christopher and Karunasekera, Shanika},
  title = {Personalized Trip Recommendation for Tourists Based on User Interests, Points of Interest Visit Durations and Visit Recency},
  journal = {Knowledge and Information Systems},
  volume = {54},
  number = {2},
  pages = {375--406},
  year = {2018},
  doi = {10.1007/s10115-017-1056-y}
}

@article{huang2019,
  author = {Huang, Liwei and Ma, Yutao and Wang, Shibo and Liu, Yanbo},
  title = {An Attention-Based Spatiotemporal LSTM Network for Next POI Recommendation},
  journal = {IEEE Transactions on Services Computing},
  volume = {14},
  number = {6},
  pages = {1585--1597},
  year = {2019}
}

@article{rahmani2022,
  author = {Rahmani, Hossein A. and Deldjoo, Yashar and di Noia, Tommaso},
  title = {The Role of Context Fusion on Accuracy, Beyond-Accuracy, and Fairness of Point-of-Interest Recommendation Systems},
  journal = {Expert Systems with Applications},
  volume = {205},
  pages = {117718},
  year = {2022}
}

@article{chang2016,
  author = {Chang, Hsien-Tsung and Chang, Yi-Ming and Tsai, Meng-Tze},
  title = {ATIPS: Automatic Travel Itinerary Planning System for Domestic Areas},
  journal = {Computational Intelligence and Neuroscience},
  year = {2016}
}

@inproceedings{liu2024,
  author = {Liu, Chang and others},
  title = {Spatio-Temporal Hierarchical Adaptive Dispatching for Ridesharing Systems},
  booktitle = {Proceedings of the 32nd ACM SIGSPATIAL International Conference on Advances in Geographic Information Systems},
  year = {2024},
  address = {Atlanta, GA, USA}
}

@article{khodadadian2023,
  author = {Khodadadian, Maryam and others},
  title = {Time Dependent Orienteering Problem with Time Windows and Service Time Dependent Profits},
  journal = {Computers \& Operations Research},
  year = {2023}
}

@article{huang2024,
  author = {Huang, Yuxia and Bian, Ling and Li, Zheng and Zhou, Min},
  title = {Deep Learning-Based Itinerary Recommendation with Queuing Time Awareness},
  journal = {Information Technology \& Tourism},
  year = {2024}
}

@article{chen2024,
  author = {Chen, Aili and Ge, Xueting and Fu, Ziqiang and Xiao, Yanghua and Chen, Jianbin},
  title = {TravelAgent: An AI Assistant for Personalized Travel Planning},
  journal = {arXiv preprint arXiv:2409.08069},
  year = {2024},
  url = {https://arxiv.org/abs/2409.08069}
}

@article{lim2019survey,
  author = {Lim, Kwan Hui and Chan, Jeffrey and Karunasekera, Shanika and Leckie, Christopher},
  title = {Tour Recommendation and Trip Planning Using Location-Based Social Media: A Survey},
  journal = {Knowledge and Information Systems},
  year = {2019}
}

@article{werneck2021,
  author = {Werneck, Heitor and others},
  title = {Points of Interest Recommendations: Methods, Evaluation, and Future Directions},
  journal = {Information Systems},
  year = {2021}
}

@article{ruizmeza2022,
  author = {Ruiz-Meza, Jairo and Montoya-Torres, Jairo R.},
  title = {A Systematic Literature Review for the Tourist Trip Design Problem: Extensions, Solution Techniques and Future Research Lines},
  journal = {Operations Research Perspectives},
  year = {2022}
}

@article{gavalas2014,
  author = {Gavalas, Damianos and Konstantopoulos, Charalampos and Mastakas, Konstantinos and Pantziou, Grammati},
  title = {A Survey on Algorithmic Approaches for Solving Tourist Trip Design Problems},
  journal = {Journal of Heuristics},
  volume = {20},
  pages = {291--328},
  year = {2014}
}

@article{vansteenwegen2011,
  author = {Vansteenwegen, Pieter and Souffriau, Wouter and Van Oudheusden, Dirk},
  title = {The Orienteering Problem: A Survey},
  journal = {European Journal of Operational Research},
  volume = {209},
  number = {1},
  pages = {1--10},
  year = {2011}
}

@article{gunawan2016,
  author = {Gunawan, Aldy and Lau, Hoong Chuin and Vansteenwegen, Pieter},
  title = {Orienteering Problem: A Survey of Recent Variants, Solution Approaches and Applications},
  journal = {European Journal of Operational Research},
  volume = {255},
  number = {2},
  pages = {315--332},
  year = {2016}
}

@article{sarkar2020,
  author = {Sarkar, Joy Lal and Majumder, Abhijit and Panigrahi, Chhabi Rani and Roy, Sarbani},
  title = {MULTITOUR: A Multiple Itinerary Tourists Recommendation Engine},
  journal = {Electronic Commerce Research and Applications},
  volume = {40},
  pages = {100943},
  year = {2020},
  doi = {10.1016/j.elerap.2020.100943}
}

@inproceedings{kurata2014,
  author = {Kurata, Yohei and Hara, Tetsuo},
  title = {CT-Planner4: Toward a More User-Friendly Interactive Day-Tour Planner},
  booktitle = {Information and Communication Technologies in Tourism 2014},
  pages = {73--86},
  year = {2014},
  address = {Dublin, Ireland},
  doi = {10.1007/978-3-319-03973-2_6}
}

@inproceedings{liao2020,
  author = {Liao, Lizi and Kennedy, Lyndon and Wilcox, Lauren and Chua, Tat-Seng},
  title = {Crowd Knowledge Enhanced Multimodal Conversational Assistant in Travel Domain},
  booktitle = {MultiMedia Modeling (MMM)},
  pages = {33--45},
  year = {2020},
  doi = {10.1007/978-3-030-37731-1_33}
}