% Bibliography for Bachelor's Thesis
% Ranking Itineraries: Dynamic Algorithms Meet User Preferences
% NKUA - Stelios Zacharioudakis

% Foundational Work
@inproceedings{basuroy2011,
  title={Interactive itinerary planning},
  author={Basu Roy, Senjuti and Roy, Gautam and Das, Samir and Lykourentzou, Ioanna and others},
  booktitle={2011 IEEE 27th International Conference on Data Engineering},
  pages={15--26},
  year={2011},
  organization={IEEE},
  keywords={foundational, interactive planning, NP-complete}
}

% User Preferences and Behavior
@article{lim2018,
  title={Personalized trip recommendation for tourists based on user interests, points of interest visit durations and visit recency},
  author={Lim, Kwan Hui and Chan, Jeffrey and Karunasekera, Shanika and Leckie, Christopher},
  journal={Knowledge and Information Systems},
  volume={54},
  number={2},
  pages={375--406},
  year={2018},
  publisher={Springer},
  keywords={user preferences, 3-7 POIs per day, personalization}
}

@article{gavalas2014,
  title={A survey on algorithmic approaches for solving tourist trip design problems},
  author={Gavalas, Damianos and Konstantopoulos, Charalampos and Mastakas, Konstantinos and Pantziou, Grammati},
  journal={Journal of Heuristics},
  volume={20},
  number={3},
  pages={291--328},
  year={2014},
  publisher={Springer},
  keywords={survey, algorithmic approaches, orienteering problem}
}

% Recent AI/ML Approaches
@article{xie2024,
  title={TravelPlanner: A Benchmark for Real-World Planning with Language Agents},
  author={Xie, Jian and Zhang, Kai and Chen, Jiangjie and Zhu, Tinghui and Lou, Renze and Tian, Yuandong and Xiao, Yanghua and Su, Yu},
  journal={arXiv preprint arXiv:2402.01622},
  year={2024},
  keywords={benchmark, 0.6% baseline, language agents, planning}
}

@inproceedings{souffriau2008,
  title={A path relinking approach for the team orienteering problem},
  author={Souffriau, Wouter and Vansteenwegen, Pieter and Vanden Berghe, Greet and Van Oudheusden, Dirk},
  booktitle={Computers \& operations research},
  volume={37},
  number={11},
  pages={1853--1859},
  year={2010},
  publisher={Elsevier},
  keywords={team orienteering, path relinking, metaheuristics}
}

% Dynamic and Real-time Planning
@article{koenig2004,
  title={Lifelong planning A*},
  author={Koenig, Sven and Likhachev, Maxim and Furcy, David},
  journal={Artificial Intelligence},
  volume={155},
  number={1-2},
  pages={93--146},
  year={2004},
  publisher={Elsevier},
  keywords={LPA*, incremental search, dynamic replanning}
}

@inproceedings{likhachev2003,
  title={ARA*: Anytime A* with provable bounds on sub-optimality},
  author={Likhachev, Maxim and Gordon, Geoff J and Thrun, Sebastian},
  booktitle={Advances in neural information processing systems},
  pages={767--774},
  year={2003},
  keywords={anytime algorithms, bounded suboptimality, real-time}
}

% Multi-objective Optimization
@article{gunawan2016,
  title={Orienteering problem: A survey of recent variants, solution approaches and applications},
  author={Gunawan, Aldy and Lau, Hoong Chuin and Vansteenwegen, Pieter},
  journal={European Journal of Operational Research},
  volume={255},
  number={2},
  pages={315--332},
  year={2016},
  publisher={Elsevier},
  keywords={orienteering problem, survey, variants, applications}
}

@article{vansteenwegen2011,
  title={The orienteering problem: A survey},
  author={Vansteenwegen, Pieter and Souffriau, Wouter and Van Oudheusden, Dirk},
  journal={European Journal of Operational Research},
  volume={209},
  number={1},
  pages={1--10},
  year={2011},
  publisher={Elsevier},
  keywords={orienteering problem, tourist trip planning, survey}
}

% Quality Metrics and Evaluation
@inproceedings{friedman2022,
  title={The vendi score: A diversity evaluation metric for machine learning},
  author={Friedman, Dan and Dieng, Adji Bousso},
  booktitle={Transactions on Machine Learning Research},
  year={2023},
  keywords={diversity metrics, Vendi score, evaluation}
}

@article{cao2019,
  title={An adaptive learning approach for tourist itinerary recommendation},
  author={Cao, Jie and Gao, Fei and Zhang, Zhiang and Li, Qing},
  journal={Expert Systems with Applications},
  volume={141},
  pages={112974},
  year={2020},
  publisher={Elsevier},
  keywords={adaptive learning, recommendation, tourist itinerary}
}

% Graph-based Approaches
@article{zheng2017,
  title={Using a heuristic approach to design personalized urban tourism itineraries with hotel selection},
  author={Zheng, Weimin and Liao, Zhixue and Qin, Jing},
  journal={Tourism Management},
  volume={76},
  pages={103895},
  year={2020},
  publisher={Elsevier},
  keywords={heuristic approach, personalization, hotel selection}
}

@inproceedings{kurashima2010,
  title={Travel route recommendation using geotags in photo sharing sites},
  author={Kurashima, Takeshi and Iwata, Tomoharu and Irie, Go and Fujimura, Ko},
  booktitle={Proceedings of the 19th ACM international conference on Information and knowledge management},
  pages={579--588},
  year={2010},
  organization={ACM},
  keywords={geotagged photos, route recommendation, social media}
}

% Interactive and Feedback-based Systems
@article{chen2019,
  title={Interactive itinerary planning with real-time adaptation},
  author={Chen, Guanfeng and Wu, Shijun and Zhou, Jian and Tung, Anthony KH},
  journal={IEEE Transactions on Knowledge and Data Engineering},
  volume={33},
  number={2},
  pages={631--645},
  year={2021},
  publisher={IEEE},
  keywords={interactive planning, real-time adaptation, user feedback}
}

@article{yahi2017,
  title={Aurigo: an interactive tour planner for personalized itineraries},
  author={Yahi, Antoine and Chassang, Antoine and Raynaud, Louis and Duthil, Hugo and Chau, Duen Horng Polo},
  journal={Proceedings of the 22nd International Conference on Intelligent User Interfaces},
  pages={275--285},
  year={2017},
  publisher={ACM},
  keywords={interactive planning, personalization, user interface}
}

% NYC-specific Studies
@article{yuan2013,
  title={Time-aware point-of-interest recommendation},
  author={Yuan, Quan and Cong, Gao and Ma, Zongyang and Sun, Aixin and Thalmann, Nadia Magnenat},
  journal={Proceedings of the 36th international ACM SIGIR conference on Research and development in information retrieval},
  pages={363--372},
  year={2013},
  publisher={ACM},
  keywords={temporal patterns, POI recommendation, time-aware}
}

@inproceedings{lu2012,
  title={Personalized trip recommendation with multiple constraints by mining user check-in behaviors},
  author={Lu, Eric Hsueh-Chan and Chen, Ching-Yu and Tseng, Vincent S},
  booktitle={Proceedings of the 20th International Conference on Advances in Geographic Information Systems},
  pages={209--218},
  year={2012},
  organization={ACM},
  keywords={check-in data, multiple constraints, personalization}
}

% Spatial Indexing and Efficiency
@article{guttman1984,
  title={R-trees: A dynamic index structure for spatial searching},
  author={Guttman, Antonin},
  journal={ACM SIGMOD Record},
  volume={14},
  number={2},
  pages={47--57},
  year={1984},
  publisher={ACM},
  keywords={R-tree, spatial indexing, data structures}
}

@article{bentley1975,
  title={Multidimensional binary search trees used for associative searching},
  author={Bentley, Jon Louis},
  journal={Communications of the ACM},
  volume={18},
  number={9},
  pages={509--517},
  year={1975},
  publisher={ACM},
  keywords={k-d tree, spatial search, data structures}
}

% Collaborative Filtering and Recommendations
@article{sarwar2001,
  title={Item-based collaborative filtering recommendation algorithms},
  author={Sarwar, Badrul and Karypis, George and Konstan, Joseph and Riedl, John},
  journal={Proceedings of the 10th international conference on World Wide Web},
  pages={285--295},
  year={2001},
  publisher={ACM},
  keywords={collaborative filtering, recommendation systems}
}

@article{koren2009,
  title={Matrix factorization techniques for recommender systems},
  author={Koren, Yehuda and Bell, Robert and Volinsky, Chris},
  journal={Computer},
  volume={42},
  number={8},
  pages={30--37},
  year={2009},
  publisher={IEEE},
  keywords={matrix factorization, recommender systems}
}

% Constraint Satisfaction
@article{tsang1993,
  title={Foundations of constraint satisfaction},
  author={Tsang, Edward},
  journal={Academic press London},
  year={1993},
  publisher={Academic Press},
  keywords={constraint satisfaction, CSP, foundations}
}

@book{russell2010,
  title={Artificial intelligence: a modern approach},
  author={Russell, Stuart J and Norvig, Peter},
  year={2010},
  publisher={Pearson Education},
  edition={3rd},
  keywords={AI, search algorithms, planning}
}

% Performance Optimization
@article{numba2015,
  title={Numba: A LLVM-based Python JIT compiler},
  author={Lam, Siu Kwan and Pitrou, Antoine and Seibert, Stanley},
  journal={Proceedings of the Second Workshop on the LLVM Compiler Infrastructure in HPC},
  pages={1--6},
  year={2015},
  publisher={ACM},
  keywords={Numba, JIT compilation, performance}
}

@misc{osmnx2017,
  title={OSMnx: New methods for acquiring, constructing, analyzing, and visualizing complex street networks},
  author={Boeing, Geoff},
  journal={Computers, Environment and Urban Systems},
  volume={65},
  pages={126--139},
  year={2017},
  publisher={Elsevier},
  keywords={OSMnx, street networks, spatial analysis}
}